<?xml version="1.0" encoding="UTF-8"?><collection xmlns="http://www.loc.gov/MARC21/slim"><record><leader>00332nam--2200121-i-4500</leader><controlfield tag="001">000030538</controlfield><controlfield tag="002">20161230</controlfield><controlfield tag="005">20161230201038</controlfield><controlfield tag="008">060222s1000------------r-----000-0-eng-d</controlfield><datafield ind1=" " ind2=" " tag="080"><subfield code="a">061(4)(048.1)</subfield></datafield><datafield ind1=" " ind2=" " tag="245"><subfield code="a">List of scientific publications. liste des publications scientifiques 1980/1981</subfield></datafield><datafield ind1=" " ind2=" " tag="260"><subfield code="a">Geneva, Cern, 1980</subfield></datafield><datafield ind1=" " ind2=" " tag="852"><subfield code="a">D1388</subfield></datafield></record></collection>